% Encoding: UTF-8

@article{魏康2019基于GEM工艺的裂变时间投影室中裂变碎片的讨论,
  title={基于 GEM 工艺的裂变时间投影室中裂变碎片的讨论},
  author={魏康 and 吴会寅 and 赵鑫 and 周建晋 and 胡碧涛 and 张毅},
  journal={原子核物理评论},
  volume={36},
  number={2},
  pages={197--203},
  year={2019},
  publisher={原子核物理评论}
}

@article{meitner1939disintegration,
  title={Disintegration of uranium by neutrons: a new type of nuclear reaction},
  author={Meitner, Lise and Frisch, Otto Robert},
  journal={Nature},
  volume={143},
  number={3615},
  pages={239--240},
  year={1939},
  publisher={Nature Publishing Group}
}

@article{anderson1939neutron,
  title={Neutron production and absorption in uranium},
  author={Anderson, Herbert Lawrence and Fermi, Enrico and Szilard, Leo},
  journal={Physical Review},
  volume={56},
  number={3},
  pages={284},
  year={1939},
  publisher={APS}
}

@article{tenne1992polyhedral,
  title={Polyhedral and cylindrical structures of tungsten disulphide},
  author={Tenne, R and Margulis, L and Genut, M ea and Hodes, G},
  journal={Nature},
  volume={360},
  number={6403},
  pages={444--446},
  year={1992},
  publisher={Nature Publishing Group}
}

@article{bohr1939mechanism,
  title={The mechanism of nuclear fission},
  author={Bohr, Niels and Wheeler, John Archibald},
  journal={Physical Review},
  volume={56},
  number={5},
  pages={426},
  year={1939},
  publisher={APS}
}

@article{kovacs1970angular,
  title={Angular anisotropy of fragments in the ternary fission of 235 U and 238 U induced by 14 MeV neutrons},
  author={Kovacs, I and Nagy, L and Vinnay, I and Kluge, Gy},
  journal={Nuclear Physics A},
  volume={153},
  number={2},
  pages={652--656},
  year={1970}
}

@article{vijayaraghavan2014collinear,
  title={Collinear versus triangular geometry: A ternary fission study},
  author={Vijayaraghavan, KR and Balasubramaniam, M and von Oertzen, W},
  journal={Physical Review C},
  volume={90},
  number={2},
  pages={024601},
  year={2014},
  publisher={APS}
}

@article{nygren1978time,
  title={The time projection chamber},
  author={Nygren, David R},
  year={1978}
}

@article{fenker2008bonus,
  title={BoNus: Development and use of a radial TPC using cylindrical GEMs},
  author={Fenker, Howard and Baillie, Nathan and Bradshaw, Peter and Bueltmann, S and Burkert, V and Christy, M and Dodge, G and Dutta, D and Ent, R and Evans, J and others},
  journal={Nuclear Instruments and Methods in Physics Research Section A: Accelerators, Spectrometers, Detectors and Associated Equipment},
  volume={592},
  number={3},
  pages={273--286},
  year={2008},
  publisher={Elsevier}
}

@article{sauli2016gas,
  title={The gas electron multiplier (GEM): Operating principles and applications},
  author={Sauli, Fabio},
  journal={Nuclear Instruments and Methods in Physics Research Section A: Accelerators, Spectrometers, Detectors and Associated Equipment},
  volume={805},
  pages={2--24},
  year={2016},
  publisher={Elsevier}
}

@article{heffner2014time,
  title={A time projection chamber for high accuracy and precision fission cross-section measurements},
  author={Heffner, Mike and Asner, David M and Baker, RG and Baker, J and Barrett, S and Brune, C and Bundgaard, Jeremy and Burgett, Eric and Carter, Darrell and Cunningham, Mark and others},
  journal={Nuclear Instruments and Methods in Physics Research Section A: Accelerators, Spectrometers, Detectors and Associated Equipment},
  volume={759},
  pages={50--64},
  year={2014},
  publisher={Elsevier}
}

@article{collaboration2019fission,
  title={Fission fragment angular anisotropy in neutron-induced fission of U 235 measured with a time projection chamber},
  author={Collaboration, NIFFTE and Geppert-Kleinrath, V and Tovesson, F and Barrett, JS and Bowden, NS and Bundgaard, J and Casperson, RJ and Cebra, DA and Classen, T and Cunningham, M and others},
  journal={Physical Review C},
  volume={99},
  number={6},
  pages={064619},
  year={2019},
  publisher={APS}
}

@article{hensle2020neutron,
  title={Neutron-induced fission fragment angular distributions, anisotropy, and linear momentum transfer measured with the NIFFTE fission time projection chamber},
  author={Hensle, D and Barker, JT and Barrett, JS and Bowden, NS and Brewster, KJ and Bundgaard, J and Case, ZQ and Casperson, RJ and Cebra, DA and Classen, T and others},
  journal={Physical Review C},
  volume={102},
  number={1},
  pages={014605},
  year={2020},
  publisher={APS}
}

@article{acciarri2017convolutional,
  title={Convolutional neural networks applied to neutrino events in a liquid argon time projection chamber},
  author={Acciarri, R and Adams, C and An, R and Asaadi, J and Auger, M and Bagby, L and Baller, B and Barr, G and Bass, M and Bay, F and others},
  journal={Journal of instrumentation},
  volume={12},
  number={03},
  pages={P03011},
  year={2017},
  publisher={IOP Publishing}
}

@article{abratenko2020convolutional,
  title={A Convolutional Neural Network for Multiple Particle Identification in the MicroBooNE Liquid Argon Time Projection Chamber},
  author={Abratenko, P and Alrashed, M and An, R and Anthony, J and Asaadi, J and Ashkenazi, A and Balasubramanian, S and Baller, B and Barnes, C and Barr, G and others},
  journal={arXiv preprint arXiv:2010.08653},
  year={2020}
}

@phdthesis{闫洋洋2018用于高精度裂变截面测量的时间投影室,
  title={用于高精度裂变截面测量的时间投影室 (TPC) 的研制},
  author={闫洋洋},
  year={2018},
  school={清华大学}
}

@article{schindler2019garfield,
  title={Garfield++ user guide},
  author={Schindler, H},
  journal={Website: http://garfieldpp. web. cern. ch/garfieldpp},
  year={2019}
}

@article{ziegler2010srim,
  title={SRIM--The stopping and range of ions in matter (2010)},
  author={Ziegler, James F and Ziegler, Matthias D and Biersack, Jochen P},
  journal={Nuclear Instruments and Methods in Physics Research Section B: Beam Interactions with Materials and Atoms},
  volume={268},
  number={11-12},
  pages={1818--1823},
  year={2010},
  publisher={Elsevier}
}

@article{radovic2018machine,
  title={Machine learning at the energy and intensity frontiers of particle physics},
  author={Radovic, Alexander and Williams, Mike and Rousseau, David and Kagan, Michael and Bonacorsi, Daniele and Himmel, Alexander and Aurisano, Adam and Terao, Kazuhiro and Wongjirad, Taritree},
  journal={Nature},
  volume={560},
  number={7716},
  pages={41--48},
  year={2018},
  publisher={Nature Publishing Group}
}

@article{howard2020fastai,
  title={Fastai: A layered API for deep learning},
  author={Howard, Jeremy and Gugger, Sylvain},
  journal={Information},
  volume={11},
  number={2},
  pages={108},
  year={2020},
  publisher={Multidisciplinary Digital Publishing Institute}
}

@article{fisher1936use,
  title={The use of multiple measurements in taxonomic problems},
  author={Fisher, Ronald A},
  journal={Annals of eugenics},
  volume={7},
  number={2},
  pages={179--188},
  year={1936},
  publisher={Wiley Online Library}
}

@article{abi2020neutrino,
  title={Neutrino interaction classification with a convolutional neural network in the DUNE far detector},
  author={Abi, B and Acciarri, R and Acero, Mario A and Adamov, G and Adams, D and Adinolfi, M and Ahmad, Z and Ahmed, J and Alion, T and Monsalve, S Alonso and others},
  journal={Physical Review D},
  volume={102},
  number={9},
  pages={092003},
  year={2020},
  publisher={APS}
}

@inproceedings{racah2016revealing,
  title={Revealing fundamental physics from the daya bay neutrino experiment using deep neural networks},
  author={Racah, Evan and Ko, Seyoon and Sadowski, Peter and Bhimji, Wahid and Tull, Craig and Oh, Sang-Yun and Baldi, Pierre and others},
  booktitle={2016 15th IEEE International Conference on Machine Learning and Applications (ICMLA)},
  pages={892--897},
  year={2016},
  organization={IEEE}
}

@article{aurisano2016convolutional,
  title={A convolutional neural network neutrino event classifier},
  author={Aurisano, A and Radovic, A and Rocco, D and Himmel, A and Messier, MD and Niner, E and Pawloski, G and Psihas, F and Sousa, Alexandre and Vahle, P},
  journal={Journal of Instrumentation},
  volume={11},
  number={09},
  pages={P09001},
  year={2016},
  publisher={IOP Publishing}
}

@article{renner2017background,
  title={Background rejection in NEXT using deep neural networks},
  author={Renner, Joshua and Farbin, A and Vidal, J Mu{\~n}oz and Benlloch-Rodr{\'\i}guez, JM and Botas, A and Ferrario, Paola and G{\'o}mez-Cadenas, Juan Jos{\'e} and {\'A}lvarez, Vicente and Azevedo, CDR and Borges, FIG and others},
  journal={Journal of Instrumentation},
  volume={12},
  number={01},
  pages={T01004},
  year={2017},
  publisher={IOP Publishing}
}

@Comment{jabref-meta: databaseType:bibtex;}

